<collection xmlns="http://www.loc.gov/MARC21/slim">
   <record>
      <leader>03574nam a2200481 i 4500</leader>
      <controlfield tag="001">6678911</controlfield>
      <controlfield tag="003">OCoLC</controlfield>
      <controlfield tag="005">20140929161926.0</controlfield>
      <controlfield tag="008">140305t20152015maua     b    001 0 eng  </controlfield>
      <datafield ind1=" " ind2=" " tag="010">
         <subfield code="a">  2014008693</subfield>
      </datafield>
      <datafield ind1="7" ind2=" " tag="016">
         <subfield code="a">101627411</subfield>
         <subfield code="2">DNLM</subfield>
      </datafield>
      <datafield ind1=" " ind2=" " tag="020">
         <subfield code="a">9781284026269</subfield>
      </datafield>
      <datafield ind1=" " ind2=" " tag="020">
         <subfield code="a">1284026264</subfield>
      </datafield>
      <datafield ind1=" " ind2=" " tag="035">
         <subfield code="a">ocn872383098</subfield>
      </datafield>
      <datafield ind1=" " ind2=" " tag="039">
         <subfield code="a">exclude</subfield>
      </datafield>
      <datafield ind1=" " ind2=" " tag="040">
         <subfield code="a">DNLM/DLC</subfield>
         <subfield code="e">rda</subfield>
         <subfield code="b">eng</subfield>
         <subfield code="c">DLC</subfield>
         <subfield code="d">YDX</subfield>
         <subfield code="d">NLM</subfield>
         <subfield code="d">YDXCP</subfield>
         <subfield code="d">OCLCO</subfield>
         <subfield code="d">VET</subfield>
         <subfield code="d">AEU</subfield>
      </datafield>
      <datafield ind1=" " ind2=" " tag="042">
         <subfield code="a">pcc</subfield>
      </datafield>
      <datafield ind1=" " ind2="4" tag="050">
         <subfield code="a">RT71</subfield>
         <subfield code="b">.I95 2015</subfield>
      </datafield>
      <datafield ind1="0" ind2="0" tag="060">
         <subfield code="a">2014 K-050</subfield>
      </datafield>
      <datafield ind1="1" ind2="0" tag="060">
         <subfield code="a">WY 18</subfield>
      </datafield>
      <datafield ind1="0" ind2="0" tag="082">
         <subfield code="a">610.73071/1</subfield>
         <subfield code="2">23</subfield>
      </datafield>
      <datafield ind1=" " ind2=" " tag="090">
         <subfield code="a">610.730711 IWA</subfield>
         <subfield code="b">AEVC</subfield>
      </datafield>
      <datafield ind1=" " ind2=" " tag="090">
         <subfield code="a">RT71 .I95 2015</subfield>
         <subfield code="b">AEGMCT</subfield>
      </datafield>
      <datafield ind1="1" ind2=" " tag="100">
         <subfield code="a">Iwasiw, Carroll L.,</subfield>
         <subfield code="e">author.</subfield>
         <subfield code="0">http://id.loc.gov/authorities/names/n2004123224</subfield>
         <subfield code="0">http://viaf.org/viaf/16625828</subfield>
      </datafield>
      <datafield ind1="1" ind2="0" tag="245">
         <subfield code="a">Curriculum development in nursing education /</subfield>
         <subfield code="c">Carroll L. Iwasiw, RN, MScN, EdD (Professor, Co-Founding Editor, International Journal of Nursing Education Scholarship), Dolly Goldenberg, RN, MA (English, MScN, PhD (Adjunt Professor, Co-Founding Editor, International Journal of Nursing Education Scholarship), Arthur Labatt Family School of Nursing, Faculty of Health Sciences, Western University, London, Ontario, Canada.</subfield>
      </datafield>
      <datafield ind1=" " ind2=" " tag="250">
         <subfield code="a">Third edition.</subfield>
      </datafield>
      <datafield ind1=" " ind2="1" tag="264">
         <subfield code="a">Burlington, MA :</subfield>
         <subfield code="b">Jones &amp; Bartlett Learning,</subfield>
         <subfield code="c">[2015]</subfield>
      </datafield>
      <datafield ind1=" " ind2="4" tag="264">
         <subfield code="c">©2015</subfield>
      </datafield>
      <datafield ind1=" " ind2=" " tag="300">
         <subfield code="a">xvi, 451 pages :</subfield>
         <subfield code="b">illustrations ;</subfield>
         <subfield code="c">23 cm</subfield>
      </datafield>
      <datafield ind1=" " ind2=" " tag="336">
         <subfield code="a">text</subfield>
         <subfield code="2">rdacontent</subfield>
         <subfield code="0">http://id.loc.gov/vocabulary/contentTypes/txt</subfield>
      </datafield>
      <datafield ind1=" " ind2=" " tag="337">
         <subfield code="a">unmediated</subfield>
         <subfield code="2">rdamedia</subfield>
         <subfield code="0">http://id.loc.gov/vocabulary/mediaTypes/n</subfield>
      </datafield>
      <datafield ind1=" " ind2=" " tag="338">
         <subfield code="a">volume</subfield>
         <subfield code="2">rdacarrier</subfield>
         <subfield code="0">http://id.loc.gov/vocabulary/carriers/nc</subfield>
      </datafield>
      <datafield ind1=" " ind2=" " tag="504">
         <subfield code="a">Includes bibliographical references and index.</subfield>
      </datafield>
      <datafield ind1="0" ind2=" " tag="505">
         <subfield code="a">Creation of an evidence-informed, context-relevant, unified curriculum -- Faculty development for curriculum work and change -- Ongoing appraisal in curriculum work -- Scholarship in curriculum work -- Determining the need, and gaining faculty and stakeholder support for curriculum development -- Deciding on the curriculum leader and leading curriculum work -- Organizing for curriculum work -- Gathering data for an evidence-informed, context-relevant, unified curriculum -- Analyzing and interpreting contextual data for an evidence-informed, context-relevant, unified curriculum -- Establishing philosophical and educational approaches for an evidence-informed, context-relevant, unified curriculum -- Formulating curriculum goals or outcomes for an evidence-informed, context-relevant, unified curriculum -- Designing an evidence-informed, context-relevant, unified curriculum -- Creating courses for an evidence-informed, context-relevant, unified curriculum -- Ensuring readiness for curriculum implementation -- Planning curriculum evaluation -- Curriculum considerations in nursing education by distance delivery.</subfield>
      </datafield>
      <datafield ind1=" " ind2=" " tag="596">
         <subfield code="a">3 29</subfield>
      </datafield>
      <datafield ind1=" " ind2="0" tag="650">
         <subfield code="a">Nursing</subfield>
         <subfield code="x">Study and teaching.</subfield>
         <subfield code="0">http://id.loc.gov/authorities/subjects/sh85093380</subfield>
      </datafield>
      <datafield ind1=" " ind2="0" tag="650">
         <subfield code="a">Curriculum planning.</subfield>
         <subfield code="0">http://id.loc.gov/authorities/subjects/sh85034895</subfield>
      </datafield>
      <datafield ind1="1" ind2=" " tag="700">
         <subfield code="a">Goldenberg, Dolly,</subfield>
         <subfield code="e">author.</subfield>
         <subfield code="0">http://id.loc.gov/authorities/names/n89623211</subfield>
         <subfield code="0">http://viaf.org/viaf/271560219</subfield>
      </datafield>
      <datafield ind1=" " ind2=" " tag="758">
         <subfield code="0">http://worldcat.org/entity/work/id/1503126</subfield>
      </datafield>
      <datafield ind1="0" ind2=" " tag="787">
         <subfield code="n">OCLC Work Id</subfield>
         <subfield code="o">http://worldcat.org/entity/work/id/1503126</subfield>
      </datafield>
      <datafield ind1=" " ind2=" " tag="949">
         <subfield code="a">RT71 .I95 2015</subfield>
         <subfield code="h">GMCT-OS-B</subfield>
         <subfield code="i">1007425505</subfield>
         <subfield code="p">104.92</subfield>
         <subfield code="k">AVAIL_SOON</subfield>
      </datafield>
      <datafield ind1=" " ind2=" " tag="926">
         <subfield code="a">RT71 .I95 2015</subfield>
         <subfield code="w">LC</subfield>
         <subfield code="c">1</subfield>
         <subfield code="i">1007425505</subfield>
         <subfield code="d">5/11/2016</subfield>
         <subfield code="e">1/28/2016</subfield>
         <subfield code="l">ON_SHELF</subfield>
         <subfield code="m">GR_MACEWAN</subfield>
         <subfield code="n">9</subfield>
         <subfield code="p">$104.92</subfield>
         <subfield code="r">Y</subfield>
         <subfield code="s">Y</subfield>
         <subfield code="t">BOOK</subfield>
         <subfield code="u">11/13/2014</subfield>
      </datafield>
      <datafield ind1=" " ind2=" " tag="926">
         <subfield code="a">610.730711 IWA</subfield>
         <subfield code="w">DEWEY</subfield>
         <subfield code="c">1</subfield>
         <subfield code="i">33862001357569</subfield>
         <subfield code="d">8/5/2015</subfield>
         <subfield code="l">CURRICULUM</subfield>
         <subfield code="m">NORQ_MAIN</subfield>
         <subfield code="p">$95.50</subfield>
         <subfield code="r">Y</subfield>
         <subfield code="s">Y</subfield>
         <subfield code="t">CURR_BOOK</subfield>
         <subfield code="u">7/22/2015</subfield>
      </datafield>
   </record>
</collection>
